<?xml version="1.0" encoding="UTF-8"?><collection xmlns="http://www.loc.gov/MARC21/slim"><record><leader>00473nam--2200181-i-4500</leader><controlfield tag="001">000030783</controlfield><controlfield tag="002">20161230</controlfield><controlfield tag="005">20161230201038</controlfield><controlfield tag="008">060222s1000------------r-----000-0-eng-d</controlfield><datafield ind1=" " ind2=" " tag="040"><subfield code="a">IFIN-HH</subfield></datafield><datafield ind1=" " ind2=" " tag="080"><subfield code="a">32</subfield></datafield><datafield ind1="1" ind2=" " tag="100"><subfield code="a">Weber, R.L</subfield></datafield><datafield ind1="1" ind2="0" tag="245"><subfield code="a">Physics for science and engineering</subfield><subfield code="c">R.l. weber, m.w. white, k.v. manning</subfield></datafield><datafield ind1=" " ind2=" " tag="260"><subfield code="a">New York</subfield><subfield code="b">Mcgraw-hill</subfield><subfield code="c">1957</subfield></datafield><datafield ind1=" " ind2=" " tag="300"><subfield code="a">/8P./+618P</subfield></datafield><datafield ind1="1" ind2=" " tag="700"><subfield code="a">Manning, K.V</subfield></datafield><datafield ind1=" " ind2=" " tag="852"><subfield code="a">12971</subfield><subfield code="c">53</subfield></datafield><datafield ind1=" " ind2=" " tag="CAT"><subfield code="a">Sys</subfield><subfield code="c">20150203</subfield><subfield code="h">232303</subfield></datafield></record></collection>